@misc{ Ersoy_Sezer,
title={{A Requirement Traceability Tool}},
note={\url{https://github.com/ersoykadir/Requirement-Traceability-Analysis}}, 
journal={GitHub}, 
} 

@misc{bounswe-bucademy,
	author = {BUcademy},
	note = {\url{https://github.com/bounswe/bounswe2022group3}},
}