@inproceedings{gotel-1994,
	title={An analysis of the requirements traceability problem},
  	author={Gotel, Orlena CZ and Finkelstein, CW},
  	booktitle={Proceedings of {IEEE} international conference on requirements engineering},
  	pages={94--101},
 	 year={1994}
}

@article{cleland-huang-2007,
	author = {Cleland-Huang, Jane and Settimi, Raffaella and Romanova, Elena V. and Berenbach, Brian and Clark, Simon M.},
	journal = {{IEEE} Computer},
	month = {6},
	number = {6},
	pages = {27--35},
	publisher = {{IEEE} Computer Society},
	title = {Best Practices for Automated Traceability},
	volume = {40},
	year = {2007}
}

@inproceedings{cleland-huang-2010,
  title={A machine learning approach for tracing regulatory codes to product specific requirements},
  author={Cleland-Huang, Jane and Czauderna, Adam and Gibiec, Marek and Emenecker, John},
  booktitle={Proceedings of the 32nd ACM/IEEE International Conference on Software Engineering-Volume 1},
  pages={155--164},
  year={2010}
}



@inproceedings{mills-2017,
  title={Automating traceability link recovery through classification},
  author={Mills, Chris},
  booktitle={Proceedings of the 2017 11th Joint Meeting on Foundations of Software Engineering},
  pages={1068--1070},
  year={2017}
}

@inproceedings{hayes-2003,
  author={Hayes, J.H. and Dekhtyar, A. and Osborne, J.},
  booktitle={Proceedings. 11th IEEE International Requirements Engineering Conference, 2003}, 
  title={Improving requirements tracing via information retrieval}, 
  year={2003},
  pages={138-147},
}

@inproceedings{bonner-2023,
	author = {Bonner, Maria and Zeller, Marc and Schulz, Gabor and Beyer, Dagmar and Olteanu, Mihaela},
	booktitle = {Joint Proceedings of {REFSQ}-2023 Workshops, Doctoral Symposium, Posters \& Tools Track, andJournal Early Feedback Track. Co-located with {REFSQ} 2023},
	month = {4},
	title = {Automated Traceability between Requirements and Model-Based Design},
	day = 17,
	year = {2023}
}

@inproceedings{abdeen-2023,
  title={Taxonomic Trace Links Recommender: Context Aware Hierarchical Classification},
  author={Abdeen, Waleed},
  booktitle={Joint of REFSQ-2023 Workshops, Doctoral Symposium, Posters and Tools Track and Journal Early Feedback, REFSQ-JP 2023, Barcelona, 17 April 2023 through 20 April 2023},
  volume={3378},
  year={2023},
  organization={CEUR-WS}
}

@article{VANOOSTEN2023107226,
 title={On the effectiveness of automated tracing from model changes to project issues},
  author={van Oosten, Wouter and Rasiman, Randell and Dalpiaz, Fabiano and Hurkmans, Toine},
  journal={Information and Software Technology},
  volume={160},
  pages={107226},
  year={2023},
  publisher={Elsevier}
  }

@inproceedings{Marf2023TransFeatExAN,
  title={{TransFeatEx}: a {NLP} pipeline for feature extraction},
  author={Agust{\'i} G{\'a}llego Marf{\`a} and Quim Motger and Xavier Franch and Jordi Marco},
  booktitle={Joint Proceedings of {REFSQ}-2023 Workshops, Doctoral Symposium, Posters \& Tools Track, andJournal Early Feedback Track. Co-located with {REFSQ} 2023},
  year={2023}
}

@inproceedings{Spreading-Activation,
  author={Schlutter, Aaron and Vogelsang, Andreas},
  booktitle={{2020 IEEE 28th International Requirements Engineering Conference (RE)}}, 
  title={Trace Link Recovery using Semantic Relation Graphs and Spreading Activation}, 
  year={2020},
  volume={},
  number={},
  pages={20-31},
 }

@inproceedings{Ontology,
  author={Li, Yonghua and Cleland-Huang, Jane},
  booktitle={{2013 7th International Workshop on Traceability in Emerging Forms of Software Engineering (TEFSE)}}, 
  title={Ontology-based trace retrieval}, 
  year={2013},
  volume={},
  number={},
  pages={30-36},
 }

@book{IR,
author = {Baeza-Yates, Ricardo and Ribeiro-neto, Berthier and Mills, Don and Bonn, Ontario and Juan, San and Mexico, Milan and Taipei, City and Wesley, Addison and Limited, Longman},
  volume={463},
  year={1999},
  publisher={{ACM} press {New York}},
title = {Modern Information Retrieval}
}

@inproceedings{Taxonomy,
  author={Unterkalmsteiner, Michael},
  booktitle={2020 IEEE Seventh International Workshop on Artificial Intelligence for Requirements Engineering (AIRE)}, 
  title={{TT-RecS: The Taxonomic Trace Recommender System}}, 
  year={2020},
  volume={},
  number={},
  pages={18-21},
}

@article{capobianco-2013,
  author={Capobianco, Giovanni and Lucia, Andrea De and Oliveto, Rocco and Panichella, Annibale and Panichella, Sebastiano},
  journal={Journal of Software: Evolution and Process},
  volume={25},
  number={7},
  pages={743--762},
  year={2013},
  publisher={Wiley Online Library},
title = {Improving {IR}‐based traceability recovery via noun‐based indexing of software artifacts}
}

@inproceedings{knethen-2003,
author = {Knethen, A. and Grund, M.},
year = {2003},
month = {10},
pages = {246- 255},
  title={{QuaTrace}: a tool environment for (semi-) automatic impact analysis based on traces}, 
isbn = {0-7695-1905-9},
 booktitle={{International Conference on Software Maintenance, 2003. ICSM 2003. Proceedings.}}, 
}

@article{zisman-2003, 
  title={Rule-based generation of requirements traceability relations},
  author={Spanoudakis, George and Zisman, Andrea and P{\'e}rez-Minana, Elena and Krause, Paul},
  journal={Journal of systems and software},
  volume={72},
  number={2},
  pages={105--127},
  year={2004},
  publisher={Elsevier}
}

@inproceedings{fasano-2005,
author = {Lucia, A. and Fasano, Fausto and Oliveto, Rocco and Tortora, Genoveffa},
year = {2005},
month = {04},
pages = {32- 41},
title = {{ADAMS re-trace: A Traceability Recovery Tool}},
booktitle = {Proceedings of the European Conference on Software Maintenance and Reengineering, CSMR}
}

@inproceedings{cleland-2010,
author = {Cleland-Huang, Jane and Czauderna, Adam and Gibiec, Marek and Emenecker, John},
year = {2010},
month = {05},
pages = {155-164},
title = {{A machine learning approach for tracing regulatory codes to product specific requirements}},
booktitle={Proceedings of the 32nd ACM/IEEE International Conference on Software Engineering-Volume 1},}

@inproceedings{mills-2018,
  title={Automatic traceability maintenance via machine learning classification},
  author={Mills, Chris and Escobar-Avila, Javier and Haiduc, Sonia},
  booktitle={2018 IEEE International Conference on Software Maintenance and Evolution (ICSME)},
  pages={369--380},
  year={2018},
  organization={{IEEE}}
}

@inproceedings{jane-2012,
  author={Mirakhorli, Mehdi and Shin, Yonghee and Cleland-Huang, Jane and Cinar, Murat},
  booktitle={2012 34th International Conference on Software Engineering (ICSE)}, 
  title={A tactic-centric approach for automating traceability of quality concerns}, 
  year={2012},
  volume={},
  number={},
  pages={639-649}
  }

@inproceedings{marcus-2003,
author = {Marcus, Andrian and Maletic, J.I.},
year = {2003},
month = {06},
pages = {125- 135},
title = {Recovering documentation-to-source-code traceability links using latent semantic indexing},
isbn = {0-7695-1877-X},
booktitle = {Proceedings - International Conference on Software Engineering}
}

@inproceedings{kato-2013,
author = {Tsuchiya, Ryosuke and Kato, Tadahisa and Washizaki, Hironori and Kawakami, Masumi and Fukazawa, Yoshiaki and Yoshimura, Kentaro},
year = {2013},
month = {08},
pages = {121-130},
title = {Recovering traceability links between requirements and source code in the same series of software products},
  booktitle={Proceedings of the 17th International Software Product Line Conference}
  }

@article{hayes-2005,
author = {Yadla, Suresh and Hayes, Jane and Dekhtyar, Alex},
year = {2005},
month = {09},
pages = {116--124},
title = {Tracing Requirements to Defect Reports: An Application of Information Retrieval Techniques},
volume = {1},
journal = {Innovations in Systems and Software Engineering}
}

@article{deen-2023,
author = {Al-Msie'Deen, Ra'Fat},
year = {2023},
month = {05},
pages = {1--17},
  journal={International Journal of Computing and Digital Systems},
title = {Requirements Traceability: Recovering and Visualizing Traceability Links Between Requirements and Source Code of Object-oriented Software Systems},
  publisher={{University of Bahrain}}

}
